<record><leader>00000cas a2200000 a 4500</leader><controlfield tag="001">11552174</controlfield><controlfield tag="008">850107d18531853cauwr ne      0    0eng c</controlfield><datafield ind1=" " ind2=" " tag="010"><subfield code="a">sn 85025030 </subfield></datafield><datafield ind1=" " ind2=" " tag="040"><subfield code="a">NPX</subfield><subfield code="b">eng</subfield><subfield code="c">NPX</subfield><subfield code="d">CNK</subfield><subfield code="d">OCL</subfield><subfield code="d">OCLCQ</subfield><subfield code="d">OCLCF</subfield><subfield code="d">OCLCO</subfield><subfield code="d">IUL</subfield></datafield><datafield ind1=" " ind2=" " tag="042"><subfield code="a">pcc</subfield></datafield><datafield ind1=" " ind2=" " tag="043"><subfield code="a">n-us-ca</subfield></datafield><datafield ind1="0" ind2="4" tag="245"><subfield code="a">The Placerville herald.</subfield></datafield><datafield ind1=" " ind2=" " tag="260"><subfield code="a">Placerville, El Dorado County, Cal. :</subfield><subfield code="b">J.T. Holt</subfield></datafield><datafield ind1=" " ind2=" " tag="300"><subfield code="a">1 volume</subfield></datafield><datafield ind1=" " ind2=" " tag="310"><subfield code="a">Weekly</subfield></datafield><datafield ind1="0" ind2=" " tag="362"><subfield code="a">Volume I, number 1 (April 30, 1853)-volume I, number 28 (November 5, 1853).</subfield></datafield><datafield ind1=" " ind2=" " tag="500"><subfield code="a">Editors: W. Wadsworth, F.A. Bee.</subfield></datafield><datafield ind1=" " ind2=" " tag="500"><subfield code="a">Democratic campaign paper. Cf. Kemble, E.C. Hist. of Calif. newspapers, 1846-1858.</subfield></datafield><datafield ind1=" " ind2=" " tag="500"><subfield code="a">Title from masthead.</subfield></datafield><datafield ind1=" " ind2="0" tag="651"><subfield code="a">Placerville (Calif.)</subfield><subfield code="v">Newspapers.</subfield></datafield><datafield ind1=" " ind2="0" tag="651"><subfield code="a">El Dorado County (Calif.)</subfield><subfield code="v">Newspapers.</subfield></datafield><datafield ind1=" " ind2="7" tag="651"><subfield code="a">California</subfield><subfield code="z">El Dorado County.</subfield><subfield code="2">fast</subfield><subfield code="0">(OCoLC)fst01214431</subfield></datafield><datafield ind1=" " ind2="7" tag="655"><subfield code="a">Newspapers.</subfield><subfield code="2">fast</subfield><subfield code="0">(OCoLC)fst01423814</subfield></datafield><datafield ind1=" " ind2=" " tag="752"><subfield code="a">United States</subfield><subfield code="b">California</subfield><subfield code="c">El Dorado</subfield><subfield code="d">Placerville.</subfield></datafield><datafield ind1="4" ind2="1" tag="856"><subfield code="u">http://proxyiub.uits.iu.edu/login?url=http://infoweb.newsbank.com/?db=EANX&amp;s_browseRef=decades/15707E0EB429EC03/all.xml</subfield></datafield></record>